<?xml version='1.0' encoding='UTF-8'?>
<record xmlns="http://www.loc.gov/MARC21/slim">
  <leader>01080cam a2200205 a 4500</leader>
  <controlfield tag="001">3312888</controlfield>
  <controlfield tag="003">NjP</controlfield>
  <controlfield tag="005">20180108174039.0</controlfield>
  <controlfield tag="008">010215s19849999ir            000 0 ara d</controlfield>
  <datafield tag="024" ind1="7" ind2=" ">
    <subfield code="a">princeton_aco003006</subfield>
    <subfield code="2">local</subfield>
  </datafield>
  <datafield ind1=" " ind2=" " tag="040">
    <subfield code="a">NjP</subfield>
    <subfield code="c">NjP</subfield>
  </datafield>
  <datafield ind1="1" ind2=" " tag="100">
    <subfield code="a">Jalīlī al-Kirmānshāhī, ʻAbd al-Jalīl.</subfield>
  </datafield>
  <datafield ind1="1" ind2="3" tag="245">
    <subfield code="a">al-Taʻlīqah al-quṣwá ʻalá masāʼil al-ʻUrwah al-wuthqá /</subfield>
    <subfield code="c">min āthār ʻAbd al-Jalīl al-Jalīlī al-Kirmānshāhī.</subfield>
  </datafield>
  <datafield ind1=" " ind2=" " tag="260">
    <subfield code="a">Kirmānshāh :</subfield>
    <subfield code="b">al-Maktabah al-ʻĀmmah li-Ḥusaynīyah,</subfield>
    <subfield code="c">1404- [19843- ]</subfield>
  </datafield>
  <datafield ind1=" " ind2=" " tag="300">
    <subfield code="a">v. :</subfield>
    <subfield code="b">ill. ;</subfield>
    <subfield code="c">24 cm.</subfield>
  </datafield>
  <datafield ind1=" " ind2="0" tag="440">
    <subfield code="a">Min Manshūrāt al-Maktabah al-ʻĀmmah li-Ḥusaynīyah "Āyat Allāh al-Jalīlī" ;</subfield>
    <subfield code="v">al-raqm 5</subfield>
  </datafield>
  <datafield ind1="1" ind2="0" tag="600">
    <subfield code="a">Ṭabāṭabāʼī al-Yazdī, Muḥammad Kāẓim,</subfield>
    <subfield code="d">-1919.</subfield>
    <subfield code="t">ʻUrwah al-Wuthqá.</subfield>
  </datafield>
  <datafield ind1=" " ind2="0" tag="650">
    <subfield code="a">Shīʻah</subfield>
    <subfield code="x">Doctrines.</subfield>
    <subfield code="0">http://id.loc.gov/authorities/subjects/sh85121391</subfield>
  </datafield>
  <datafield ind1=" " ind2="0" tag="650">
    <subfield code="a">Islam</subfield>
    <subfield code="x">Customs and practices.</subfield>
    <subfield code="0">http://id.loc.gov/authorities/subjects/sh87005732</subfield>
  </datafield>
  <datafield ind1=" " ind2="0" tag="650">
    <subfield code="a">Islamic law.</subfield>
    <subfield code="0">http://id.loc.gov/authorities/subjects/sh85068454</subfield>
  </datafield>
  <datafield ind1=" " ind2=" " tag="904">
    <subfield code="a">mv</subfield>
    <subfield code="b">a</subfield>
    <subfield code="h">n</subfield>
    <subfield code="c">b</subfield>
    <subfield code="e">20010215</subfield>
  </datafield>
  <datafield ind1=" " ind2=" " tag="902">
    <subfield code="a">jeb</subfield>
    <subfield code="c">b</subfield>
    <subfield code="d">v</subfield>
    <subfield code="f">1</subfield>
    <subfield code="s">m</subfield>
    <subfield code="b">o</subfield>
    <subfield code="e">20010223</subfield>
  </datafield>
  <datafield ind1="0" ind2=" " tag="852">
    <subfield code="0">3642163</subfield>
    <subfield code="b">rcppa</subfield>
    <subfield code="h">BP174.T323</subfield>
    <subfield code="i">J344 1984</subfield>
    <subfield code="x">tr fr arab</subfield>
  </datafield>
  <datafield ind1=" " ind2=" " tag="866">
    <subfield code="0">3642163</subfield>
    <subfield code="x">DESIGNATOR: mujallad</subfield>
  </datafield>
  <datafield ind1=" " ind2="0" tag="866">
    <subfield code="0">3642163</subfield>
    <subfield code="a">Mujallad 2 (published in 1404 [1984])</subfield>
  </datafield>
  <datafield ind1=" " ind2=" " tag="959">
    <subfield code="a">2001-02-15 16:51:17 -0500</subfield>
  </datafield>
</record>
